@book{nielson2005principles,
  title={Principles of program analysis},
  author={Nielson, Flemming and Nielson, Hanne R and Hankin, Chris},
  year={2005},
  publisher={Springer},
  isbn={3-540-65410-0}
}
@article{02242_slides,
  title={Slides from 02242 Program analysis course},
  author={Hanne Riis Nielson},
  year={2013},
  publisher={DTU}
}

@MISC{Wikipedia:Defensive_programming,
author = {Wikipedia},
title = {Defensive programming},
month = feb,
year = {2013},
howpublished={\url{http://en.wikipedia.org/wiki/Defensive_programming/}}
}

@MISC{Wikipedia:OO_encapsulation,
author = {Wikipedia},
title = {Defensive programming},
month = feb,
year = {2013},
howpublished={\url{http://en.wikipedia.org/wiki/Encapsulation_(object-oriented_programming)}}
}


